@article{metropolis,
    author =       "Nicolas Metropolis, S.Ulam",
    title =        "{The Monte Carlo Method}" ,
    journal =      "Journal of the American Statistical Association",
    volume =       "44",
    number =       "247",
    pages =        "335-341",
    year =         "1949" }
   
@article{assad,
    author =       "M. Feldbacher and F. F. Assaad",
    title =        "{Efficient calculation of imaginary-time-displaced correlation functions in the projector auxiliary-field quantum Monte Carlo algorithm
}" ,
    journal =      "Physical Review B",
    volume =       "63",
    number =       "073105",
    pages =        "",
    year =         "2001" }

@article{troyer,
    author =       "Matthias Troyer, Uwe-Jens Wiese",
    title =        "{Computational Complexity and Fundamental Limitations to Fermionic Quantum Monte Carlo Simulations
}" ,
    journal =      "Physical Review Letters",
    volume =       "94",
    number =       "",
    pages =        "170201",
    year =         "2005" }
 
@article{sugiyama,
    author =       "G. Sugiyama and S. E. Koonin",
    title =        "{Auxiliary Field Monte-Carlo for Quantum Many-Body Ground States}" ,
    journal =      "Annals of Physics",
    volume =       "168",
    number =       "",
    pages =        "1-26",
    year =         "1986" }
 
@article{kosztin,
    author =       "Ioan Kosztin, Byron Faber, and Klaus Schulten",
    title =        "{Introduction to the Diffusion Monte Carlo Method}" ,
    journal =      "American Journal of Physics",
    volume =       "64",
    number =       "5",
    pages =        "633-643",
    year =         "1995" }

@book{newman_barkema,
    author    = "M. E. J. Newman, G. T. Barkema",
    title     = "Monte Carlo Methods in Statistical Physics",
    year      = "1999",
    publisher = "Clarendon Press",
}

@book{mahan,
    author    = "Mahan G",
    title     = "Many Particle Physics 3rd ed",
    year      = "2000",
    publisher = "Springer Berlin",
}

@article{graphene,
    author =       "Mikhail I. Katsnelson",
    title =        "{Graphene: carbon in two dimensions}" ,
    journal =      "Materials Today",
    volume =       "10",
    number =       "1-2",
    pages =        "20-27",
    year =         "1995" }
    
@article{graphene_nobel,
    author =       "Scientific Background on the Nobel Prize in Physics 2010",
    title =        "{Graphene}" ,
    journal =      "The Royal Swedish Academy of Sciences",
    volume =       "",
    number =       "",
    pages =        "",
    year =         "2010" }
    
@article{umrigar,
    author =       "Umrigar C J, Wilson K G and Wilkins J W",
    title =        "{Optimized trial wave functions for quantum Monte Carlo calculations}" ,
    journal =      "Physical Review Letters",
    volume =       "60",
    number =       "",
    pages =        "1719-22",
    year =         "1988" }
    
@article{zphase,
    author =       "Zhang, H Krakauer, W A  Al-Saidi and M Suewattana, S",
    title =        "{Quantum simulations of realistic systems by auxiliary fields}" ,
    journal =      "Computational Physics Communication",
    volume =       "164",
    number =       "394",
    pages =        " ",
    year =         "2005" 	}
    
@article{vmc,
    author =       " Toulouse, Julien and Assaraf, Roland and J. Umrigar, C",
    title =        "{Introduction to the variational and diffusion Monte Carlo methods}" ,
    journal =      "Advances in Quantum Chemistry",
    volume =       "1",
    number =       "",
    pages =        " ",
    year =         "2005"		}
    
@article{vmc_review,
    author =       " Arne L\"uchow",
    title =        "{Quantum Monte Carlo methods}" ,
    journal =      "WIREs Comput Mol Sci",
    volume =       "1",
    number =       "",
    pages =        "388-402",
    year =         "2011" 		}
    
@article{zhang,
    author =       "Shiwei Zhang and Henry Krakauer",
    title =        "{Quantum Monte Carlo Method using Phase-Free Random Walks with Slater Determinants}" ,
    journal =      "Physical Review Letters",
    volume =       "90",
    number =       "13",
    pages =        "136401-1--136404-4",
    year =         "2003"	}
 
@article{constrained,
    author =       "Shiwei Zhang, J. Carlson and J. E. Gubernatis",
    title =        "{Constrained path Monte Carlo method for fermion ground states}" ,
    journal =      "Physical Review B",
    volume =       "55",
    number =       "12",
    pages =        "7464-7477",
    year =         "1997" 	}

@article{constrained2,
    author =       "J. Carlson, J. E. Gubernatis, G. Ortiz and Shiwei Zhang",
    title =        "{Issues and observations on applications of the constrained-path Monte Carlo method to many-fermion systems}" ,
    journal =      "Physical Review B",
    volume =       "59",
    number =       "20",
    pages =        "12788-12798",
    year =         "1999"		}
    
@article{wiese,
    author =       "S. Chandrasekharan and U.-J. Wiese",
    title =        "{Meron-Cluster Solution of Fermion Sign Problems}" ,
    journal =      "Physical Review Letters",
    volume =       "83",
    number =       "",
    pages =        "3116",
    year =         "1999"		}
    
@article{arnow,
    author =       "D M Arnow and others",
    title =        "{Green's Function Monte Carlo for few fermion problems}" ,
    journal =      "Journal of Chemical Physics",
    volume =       "77",
    number =       "",
    pages =        "5562",
    year =         "1982" }

@article{kalos,
    author =       "M. H.
Kalos and F. Pederiva",
    title =        "{Exact Monte Carlo Method for Continuum Fermion Systems}" ,
    journal =      "Physical Review Letters",
    volume =       "85",
    number =       "",
    pages =        "3547",
    year =         "2000" }
    
@article{optical,
    author =       " D C McKay and B DeMarco ",
    title =        "{Cooling in strongly correlated optical lattices: prospects and challenges}" ,
    journal =      "Reports on Progress in Physics",
    volume =       "74",
    number =       "5",
    pages =        "",
    year =         "2011" }
    
@article{montepython,
    author =       "J.K. Nilsen",
    title =        "{MontePython: Implementing Quantum Monte Carlo using Python}" ,
    journal =      "Computer Physics Communications",
    volume =       "177",
    number =       "",
    pages =        "799-814",
    year =         "2006" }

@online{alps,
  author = {},
  title = {Alps open source libraries},
  year = 2017,
  url = {http://alps.comp-phys.org/mediawiki/index.php/Main_Page},
  urldate = {2017-12-04}
}
    
@book{alf,
    author    = "Martin Bercx, F Goth, J S Hofmann and F F Assaad",
    title     = "ALF Documentation for the auxiliary field quantum Monte Carlo code",
    year      = "2017",
    publisher = "SciPost Physics",	}

@book{quest,
    author    = "Che-Rung Lee",
    title     = "QUEST Users' Guide Version 1.0",
    year      = "2008",
    publisher = "",	}

@book{qmc,
    author    = "Zhaojun Bai and others",
    title     = "Numerical Methods for Quantum Monte Carlo Simulations of the Hubbard Model",
    year      = "2006",
    publisher = " Lecture Notes from the Shangai Summer School of Mathematics",	}

    
@book{tao,
    author    = "Tao Pang",
    title     = "An Introduction to Quantum Monte Carlo Methods",
    year      = "2016",
    publisher = "Morgan and Claypool Publishers",		}
    
@book{springer,
    author    = "Shiwei Zhang",
    title     = "Theoretical Methods for Strongly Correlated Electrons ch. 2",
    year      = "2004",
    publisher = "Springer",
}
    
@article{nanoribbon,
    author =       "Daphne Davelou and others",
    title =        "{Nanoribbon edges of transition-metal dichalcogenides: Stability and electronic properties}" ,
    journal =      "Phys. Rev. B",
    volume =       "96",
    number =       "",
    pages =        "165436",
    year =         "2017" }
    
@article{topological,
    author =       "Yi-Ting Hsu and others",
    title =        "{Topological superconductivity in monolayer transition metal dichalcogenides}" ,
    journal =      "Nature Communications",
    volume =       "8",
    number =       "",
    pages =        "14985",
    year =         "2017" }
    
@article{chen,
    author =       "Yuxuan Chen and others",
    title =        "{Fabrication of $MoSe_2$ nanoribbons via an unusual morphological phase transition}" ,
    journal =      "Nature Communications",
    volume =       "8",
    number =       "",
    pages =        "15135",
    year =         "2017" }
    
@article{yazyev,
    author =       "Oleg Yazyev",
    title =        "{Emergence of magnetism in graphene materials and nanostructures}" ,
    journal =      "Reports on Progress in Physics",
    volume =       "73",
    number =       "5",
    pages =        "056501",
    year =         "2010" }
    
@article{tmd_family1,
    author =       "Xu, Xiaodong and Yao, Wang and Xiao, Di and Heinz, Tony F.",
    title =        "{Spin and pseudospins in layered transition metal dichalcogenides}" ,
    journal =      "Nature Physics",
    volume =       "10",
    number =       "",
    pages =        "343 EP  -",
    year =         "2014" }
    
@article {tmd_family2,
author = {Rold\'an, Rafael and Silva-Guill\'en, Jose A. and L\'opez-Sancho, M. Pilar and Guinea, Francisco and Cappelluti, Emmanuele and Ordej\'on, Pablo},
title = {Electronic properties of single-layer and multilayer transition metal dichalcogenides $MX_2$ ($M = Mo$, $W$ and $X = S, Se$)},
journal = {Annalen der Physik},
volume = {526},
number = {9-10},
url = {http://dx.doi.org/10.1002/andp.201400128},
doi = {10.1002/andp.201400128},
pages = {347--357},
year = {2014},
}

@article{tmd_family3,
    author =       "Wang, Qing Hua and Kalantar-Zadeh, Kourosh and Kis, Andras and Coleman, Jonathan N. and Strano, Michael S.",
    title =        "{Electronics and optoelectronics of two-dimensional transition metal dichalcogenides}" ,
    journal =      "Nature Nanotechnology",
    volume =       "7",
    number =       "",
    pages =        "699 EP  -",
    year =         "2012" }
    
@article{tmd_magnetism,
    author =       "Jo\~ao E. H. Braz, B. Amorim, Eduardo V. Castro",
    title =        "{Valley polarized magnetic state in hole-doped mono layers of transition metal dichalcogenides}" ,
    journal =      "\emph{https://arxiv.org/abs/1712.07157} (Submitted on 19 Dec 2017)",
    volume =       "",
    number =       "",
    pages =        "",
    year =         "2017" }
    
@article{qmc_results1,
  title = {Dynamical Signatures of Edge-State Magnetism on Graphene Nanoribbons},
  author = {Feldner, H\'el\`ene and Meng, Zi Yang and Lang, Thomas C. and Assaad, Fakher F. and Wessel, Stefan and Honecker, Andreas},
  journal = {Phys. Rev. Lett.},
  volume = {106},
  issue = {22},
  pages = {226401},
  numpages = {4},
  year = {2011},
  publisher = {American Physical Society},
  doi = {10.1103/PhysRevLett.106.226401},
  url = {https://link.aps.org/doi/10.1103/PhysRevLett.106.226401}
}
    
@article{qmc_results2,
  title = {Quantum Monte Carlo studies of edge magnetism in chiral graphene nanoribbons},
  author = {Golor, Michael and Lang, Thomas C. and Wessel, Stefan},
  journal = {Phys. Rev. B},
  volume = {87},
  issue = {15},
  pages = {155441},
  numpages = {11},
  year = {2013},
  publisher = {American Physical Society},
  doi = {10.1103/PhysRevB.87.155441},
  url = {https://link.aps.org/doi/10.1103/PhysRevB.87.155441}
}

@article{qmc_results3,
  title = {Strain-induced edge magnetism at the zigzag edge of a graphene quantum dot},
  author = {Cheng, Shuai and Yu, Jinming and Ma, Tianxing and Peres, N. M. R.},
  journal = {Phys. Rev. B},
  volume = {91},
  issue = {7},
  pages = {075410},
  numpages = {5},
  year = {2015},
  publisher = {American Physical Society},
  doi = {10.1103/PhysRevB.91.075410},
  url = {https://link.aps.org/doi/10.1103/PhysRevB.91.075410}
}

@article{qmc_results4,
  title = {Interplay between the edge-state magnetism and long-range Coulomb interaction in zigzag graphene nanoribbons: Quantum Monte Carlo study},
  author = {Raczkowski, Marcin and Assaad, Fakher F.},
  journal = {Phys. Rev. B},
  volume = {96},
  issue = {11},
  pages = {115155},
  numpages = {10},
  year = {2017},
  publisher = {American Physical Society},
  doi = {10.1103/PhysRevB.96.115155},
  url = {https://link.aps.org/doi/10.1103/PhysRevB.96.115155}
}

@article{qmc_results5,
  author={Guang Yang and Baoyue Li and Wei Zhang and Miao Ye and Tianxing Ma},
  title={Strain-tuning of edge magnetism in zigzag graphene nanoribbons},
  journal={Journal of Physics: Condensed Matter},
  volume={29},
  number={36},
  pages={365601},
  url={http://stacks.iop.org/0953-8984/29/i=36/a=365601},
  year={2017},
  abstract={Using the determinant quantum Monte-Carlo method, we elucidate the strain tuning of edge magnetism in zigzag graphene nanoribbons. Our intensive numerical results show that a relatively weak Coulomb interaction may induce a ferromagnetic-like behaviour with a proper strain, and the edge magnetism can be enhanced greatly as the strain along the zigzag edge increases, which provides another way to control graphene magnetism even at room temperature.}
}




    